<?xml version="1.0" encoding="UTF-8"?><collection xmlns="http://www.loc.gov/MARC21/slim"><record><leader>00422nam--2200145-i-4500</leader><controlfield tag="001">000009985</controlfield><controlfield tag="002">20161230</controlfield><controlfield tag="005">20170206190205</controlfield><controlfield tag="008">060222s1000------------r-----000-0-eng-d</controlfield><datafield ind1=" " ind2=" " tag="100"><subfield code="a">Carvalho, Herculano A., De</subfield></datafield><datafield ind1=" " ind2=" " tag="245"><subfield code="a">Sobre a composicao cationica de algumas aquas minerais portuguesas</subfield></datafield><datafield ind1=" " ind2=" " tag="260"><subfield code="a">Lisboa</subfield><subfield code="b">Academia Das Ciencias De Lisboa</subfield><subfield code="c">1970</subfield></datafield><datafield ind1=" " ind2=" " tag="300"><subfield code="a">/187-200 p.</subfield></datafield><datafield ind1=" " ind2=" " tag="852"><subfield code="a">55</subfield></datafield><datafield ind1=" " ind2=" " tag="CAT"><subfield code="a">SYS</subfield><subfield code="c">20170206</subfield><subfield code="h">190205</subfield></datafield></record></collection>